[gd_scene load_steps=7 format=2]

[ext_resource path="res://maps/Map.tscn" type="PackedScene" id=1]
[ext_resource path="res://maps/Level1.gd" type="Script" id=2]
[ext_resource path="res://misc/Portal.tscn" type="PackedScene" id=3]
[ext_resource path="res://misc/PowerNodeManager.tscn" type="PackedScene" id=4]
[ext_resource path="res://buildings/Bunker.tscn" type="PackedScene" id=5]
[ext_resource path="res://images/Playfield_Level1.png" type="Texture" id=6]

[node name="Level1" index="0" instance=ExtResource( 1 )]
script = ExtResource( 2 )

[node name="Portal_Right" parent="." index="0" instance=ExtResource( 3 )]
position = Vector2( 2077.96, -816.488 )

[node name="Portal2_Left" parent="." index="1" instance=ExtResource( 3 )]
position = Vector2( -1963.23, -770.729 )

[node name="Portal3_Middle" parent="." index="2" instance=ExtResource( 3 )]
position = Vector2( -72.6064, -1139.49 )

[node name="PowerNodeManager" parent="." index="3" instance=ExtResource( 4 )]
editor/display_folded = true

[node name="Bunker" parent="PowerNodeManager" index="0" instance=ExtResource( 5 )]
position = Vector2( -5.67407, 1165.59 )
scale = Vector2( 0.5, 0.5 )
power_radius = 100

[node name="Camera2D" parent="." index="4"]
editor_draw_drag_margin = true

[node name="ParallaxLayer" parent="ParallaxBackground" index="0"]
z_index = -2
z_as_relative = false

[node name="Background_1" parent="ParallaxBackground/ParallaxLayer" index="0"]
texture = ExtResource( 6 )

[node name="SettingsBox" parent="CanvasLayer" index="5"]
editor/display_folded = true

[node name="Music_HSlider" parent="CanvasLayer/SettingsBox" index="12"]
ticks_on_borders = true

[node name="Nav" parent="." index="11"]
visible = false
[connection signal="about_to_be_deleted" from="PowerNodeManager/Bunker" to="." method="_on_Bunker_about_to_be_deleted"]
